@article{einstein1905,
  title     = {Zur Elektrodynamik bewegter K{\"o}rper},
  author    = {Einstein, Albert},
  journal   = {Annalen der physik},
  volume    = {322},
  number    = {10},
  pages     = {891--921},
  year      = {1905},
  publisher = {Wiley Online Library}
}
